
@book{cage_histoire_2023,
	location = {Paris},
	title = {Une histoire du conflit politique. Élections et inégalités sociales en France, 1789-2022},
	isbn = {978-2-02-145454-3},
	series = {Éco-histoires},
	shorttitle = {Une histoire du conflit politique},
	publisher = {Éditions du Seuil},
	author = {Cagé, Julia and Piketty, Thomas},
	date = {2023},
}

@book{douillet_sociologie_2023,
	location = {Malakoff},
	edition = {2e éd},
	title = {Sociologie politique. Comportements, acteurs, organisations},
	isbn = {978-2-200-63481-0},
	series = {Cursus},
	shorttitle = {Sociologie politique},
	abstract = {Pourquoi vote-t-on pour tel parti ? D'où viennent nos opinions politiques ? Pourquoi l'abstention augmente-t- elle ? Quels sont les ressorts de l'engagement ? Qui sont les élites politiques et comment se structurent les partis ?Cette introduction à la sociologie politique analyse le fonctionnement des démocraties représentatives contemporaines à la lumière des travaux qui ont marqué la discipline et de recherches plus récentes. Les notions essentielles et les principales controverses scientifiques sur les comportements, les élites et les organisations politiques sont richement illustrées d'exemples},
	publisher = {Armand Colin},
	author = {Douillet, Anne-Cécile},
	date = {2023},
}

@book{michel_cause_2006,
	location = {Paris},
	title = {La cause des propriétaires. État et propriété en France, fin {XIXe}-{XXe} siècle},
	isbn = {978-2-7011-4300-2},
	series = {Socio-histoires},
	shorttitle = {La cause des propriétaires},
	pagetotal = {319},
	publisher = {Belin},
	author = {Michel, Hélène},
	date = {2006},
	keywords = {France, French social history - 19th-20th centuries - Owners - Economic and political history, History, Real property, Right of property, Social classes},
}

@report{beckmann_housing_2020,
	title = {Housing and voting in Germany: Multi-level evidence for the association between house prices and housing tenure and party outcomes, 1980-2017},
	url = {https://econpapers.repec.org/paper/zbwmpifgd/206.htm},
	shorttitle = {Housing and voting in Germany},
	abstract = {Traditional predictors of election outcomes in Germany are increasingly losing their explanatory power. Rather than new cultural divides, this paper introduces the idea of housing cleavages, i.e., homeownership versus tenancy and high-price versus low-price areas, drawing on macro data for electoral districts and urban neighborhoods from the last three elections (2009-2017) in combination with Immoscout24 ad price data and microdata from the {ALLBUS} survey (1980-2016). Although, due to its low homeownership rate and conservative house price development, Germany represents a least-likely case for housing to be of importance, we find housing effects beyond traditional predictors. Generally, we find that high house prices, house price increases, and homeownership are positively associated with voting for center-right parties and voter turnout, while social tenancy is associated with votes for the left, but these effects weaken over time due to embourgeoisement effects. Beyond this expected left-right distinction between tenants and wealthier homeowners, we also find outliers along two other dimensions. First, there are center-periphery effects that housing can better capture than simple geographical divisions; second, house prices contain a populist dimension, for example when skyrocketing rents increase votes for the urban left or regions where house prices lag behind benefit the {AfD}. The paper argues against the more causal self-interest and socialization theories of the influence of housing on voting and instead suggests considering housing as an important socioeconomic proxy to explain political outcomes.},
	number = {20/6},
	institution = {Max Planck Institute for the Study of Societies},
	type = {{MPIfG} Discussion Paper},
	author = {Beckmann, Paul and Fulda, Barbara and Kohl, Sebastian},
	urldate = {2024-01-23},
	date = {2020},
	keywords = {{ALLBUS}, Deutschland, Germany, Wahlbeteiligung, Wohneigentum, Wählen, homeownership, voter turnout, voting},
}

@book{capdevielle_france_1998,
	location = {Paris (117 Boulevard Saint-Germain 75006)},
	edition = {2e éd},
	title = {France de gauche. Vote à droite ?},
	isbn = {978-2-7246-8600-5},
	publisher = {Presses de Sciences Po},
	author = {Capdevielle, Jacques and Dupoirier, Elisabeth and Grunberg, Gérard and Schweisguth, Etienne and Ysmal, Colette},
	date = {1998},
	note = {{OCLC}: 1139229765},
}
